@article{Bob2000,
author = {Bob, B.},
journal = {J. Bob},
number = {Bob 2000},
pages = {2000},
title = {Bob and Bobby},
volume = {2000},
year = {2000}
}
